@article{mcfadden1977,
  title={Modelling the choice of residential location},
  author={McFadden, Daniel},
  year={1977}
}

@article{heiss,
  title={Structural choice analysis with nested logit models},
  author={Heiss, Florian},
  journal={The Stata Journal},
  volume={2},
  number={3},
  pages={227--252},
  year={2002},
  publisher={SAGE Publications Sage CA: Los Angeles, CA}
}

@article{vovsha,
  title={Application of cross-nested logit model to mode choice in Tel Aviv, Israel, metropolitan area},
  author={Vovsha, Peter},
  journal={Transportation Research Record},
  volume={1607},
  number={1},
  pages={6--15},
  year={1997},
  publisher={SAGE Publications Sage CA: Los Angeles, CA}
}

@book{train,
  title={Discrete choice methods with simulation},
  author={Train, Kenneth E},
  year={2002},
  publisher={Cambridge university press}
}

@article{hausman1978,
  title={Specification tests in econometrics},
  author={Hausman, Jerry A},
  journal={Econometrica: Journal of the econometric society},
  pages={1251--1271},
  year={1978},
  publisher={JSTOR}
}

@article{williams1977,
  title={On the formation of travel demand models and economic evaluation measures of user benefit},
  author={Williams, Huw CWL},
  journal={Environment and planning A},
  volume={9},
  number={3},
  pages={285--344},
  year={1977},
  publisher={SAGE Publications Sage UK: London, England}
}

@article{mcfadden1980,
  title={Econometric models for probabilistic choice among products},
  author={McFadden, Daniel},
  journal={Journal of Business},
  pages={S13--S29},
  year={1980},
  publisher={JSTOR}
}

@article{hensher2002,
  title={Specification and estimation of the nested logit model: alternative normalisations},
  author={Hensher, David A and Greene, William H},
  journal={Transportation Research Part B: Methodological},
  volume={36},
  number={1},
  pages={1--17},
  year={2002},
  publisher={Elsevier}
}

@article{gallego2014,
  title={Constrained assortment optimization for the nested logit model},
  author={Gallego, Guillermo and Topaloglu, Huseyin},
  journal={Management Science},
  volume={60},
  number={10},
  pages={2583--2601},
  year={2014},
  publisher={INFORMS}
}

@article{rusmevichientong2009,
  title={A PTAS for capacitated sum-of-ratios optimization},
  author={Rusmevichientong, Paat and Shen, Zuo-Jun Max and Shmoys, David B},
  journal={Operations Research Letters},
  volume={37},
  number={4},
  pages={230--238},
  year={2009},
  publisher={Elsevier}
}

@article{mcfadden1972,
  title={Conditional logit analysis of qualitative choice behavior},
  author={McFadden, Daniel},
  year={1972}
}

@article{davis2014,
  title={Assortment optimization under variants of the nested logit model},
  author={Davis, James M and Gallego, Guillermo and Topaloglu, Huseyin},
  journal={Operations Research},
  volume={62},
  number={2},
  pages={250--273},
  year={2014},
  publisher={INFORMS}
}

@article{borsch1990,
  title={On the compatibility of nested logit models with utility maximization},
  author={B{\"o}rsch-Supan, Axel},
  journal={Journal of Econometrics},
  volume={43},
  number={3},
  pages={373--388},
  year={1990},
  publisher={Elsevier}
}

@article{garey1990,
  title={A Guide to the Theory of NP-Completeness},
  author={Garey, Michael R and Johnson, David S and others},
  journal={Computers and intractability},
  pages={37--79},
  year={1990},
  publisher={Freeman}
}