@article{almaskati2022oil,
  title={Oil, foreign exchange swaps and interest rates in the GCC countries},
  author={Almaskati, Nawaf},
  journal={Emerging Markets Finance and Trade},
  volume={58},
  number={8},
  pages={2388--2406},
  year={2022},
  publisher={Taylor \& Francis}
}

@article{amano1998oil,
  title={Oil prices and the rise and fall of the US real exchange rate},
  author={Amano, Robert A and Van Norden, Simon},
  journal={Journal of international Money and finance},
  volume={17},
  number={2},
  pages={299--316},
  year={1998},
  publisher={Elsevier}
}

@article{zhang2008spillover,
  title={Spillover effect of US dollar exchange rate on oil prices},
  author={Zhang, Yue-Jun and Fan, Ying and Tsai, Hsien-Tang and Wei, Yi-Ming},
  journal={Journal of Policy modeling},
  volume={30},
  number={6},
  pages={973--991},
  year={2008},
  publisher={Elsevier}
}

@article{reboredo2014oil,
  title={Oil and US dollar exchange rate dependence: A detrended cross-correlation approach},
  author={Reboredo, Juan Carlos and Rivera-Castro, Miguel A and Zebende, Gilney F},
  journal={Energy Economics},
  volume={42},
  pages={132--139},
  year={2014},
  publisher={Elsevier}
}

@article{eslamloueyan2015determinants,
  title={Determinants of the real exchange rate in oil-producing countries of the middle east and North Africa: a panel data investigation},
  author={Eslamloueyan, Karim and Kia, Amir},
  journal={Emerging Markets Finance and Trade},
  volume={51},
  number={4},
  pages={842--855},
  year={2015},
  publisher={Taylor \& Francis}
}

@article{almaskati2022wavelet,
  title={Oil and GCC foreign exchange forward markets: A wavelet analysis},
  author={Almaskati, Nawaf},
  journal={Borsa Istanbul Review},
  volume={22},
  number={5},
  pages={1039--1044},
  year={2022},
  publisher={Elsevier}
}